This file was created with JabRef 2.2.
Encoding: Cp1252

% === PRIMARY ===
@article{tyrrell,
  title={An evaluation of Maes's bottom-up mechanism for behavior selection},
  author={Tyrrell, Toby},
  journal={Adaptive Behavior},
  volume={2},
  number={4},
  pages={307--348},
  year={1994},
  publisher={Sage Publications Sage CA: Thousand Oaks, CA}
}

@article{maes,
  title={How to do the right thing},
  author={Maes, Pattie},
  journal={Connection Science},
  volume={1},
  number={3},
  pages={291--323},
  year={1989},
  publisher={Taylor \& Francis}
}

@inproceedings{hrabia,
  title={Towards goal-driven behaviour control of multi-robot systems},
  author={Hrabia, Christopher-Eyk and others},
  booktitle={Control, Automation and Robotics (ICCAR), 2017 3rd International Conference on},
  pages={166--173},
  year={2017},
  organization={IEEE}
}

@inproceedings{ros,
  title={ROS: an open-source Robot Operating System},
  author={Quigley, Morgan and others},
  booktitle={ICRA workshop on open source software},
  volume={3},
  number={3.2},
  pages={5},
  year={2009},
  organization={Kobe, Japan}
}

@inproceedings{behaviour-based-methods,
  title={An overview on behaviour-based methods for AUV control},
  author={Carreras, M and others},
  booktitle={MCMC2000, 5th IFAC Conference on Manoeuvring and Control of Marine Crafts},
  year={2000}
}

@article{jung,
  title={An architecture for cooperation among autonomous agents},
  author={Jung, David},
  year={1998}
}

@inproceedings{dorer,
  title={Behavior networks for continuous domains using situation-dependent motivations},
  author={Dorer, Klaus},
  booktitle={IJCAI},
  volume={99},
  pages={1233--1238},
  year={1999}
}

% === SECONDARY ===
@inproceedings{morse,
  title={Modular open robots simulation engine: Morse},
  author={Echeverria, Gilberto and Lassabe, Nicolas and Degroote, Arnaud and Lemaignan, S{\'e}verin},
  booktitle={2011 IEEE International Conference on Robotics and Automation},
  pages={46--51},
  year={2011},
  organization={Citeseer}
}

@article{usar,
  title={Urban search and rescue robots: from tragedy to technology},
  author={Davids, Angela},
  journal={IEEE Intelligent systems},
  volume={17},
  number={2},
  pages={81--83},
  year={2002},
  publisher={IEEE}
}

@book{arkin-1998,
  title={Behavior-based robotics},
  author={Arkin, Ronald C and others},
  year={1998},
  publisher={MIT press}
}
 
@article{autonomy,
  title={Autonomy in robots and other agents},
  author={Smithers, Tim},
  journal={Brain and Cognition},
  volume={34},
  number={1},
  pages={88--106},
  year={1997},
  publisher={New York: Academic Press,[c1982-}
}

@book{pi_trees,
  title={ROS by Example: Packages and Programs For Advanced Robot Behaviors},
  author={Goebel, R.P.},
  number={v. 2},
  isbn={9781312392663},
  series={Pi Robot Production},
  url={https://books.google.de/books?id=wfUjrgEACAAJ},
  year={2012},
  publisher={Lulu.com}
}

@article{smach,
  title={The SMACH high-level executive [ROS news]},
  author={Bohren, Jonathan and Cousins, Steve},
  journal={IEEE Robotics \& Automation Magazine},
  volume={17},
  number={4},
  pages={18--20},
  year={2010},
  publisher={IEEE}
}

@article{is-ros-good,
  title={Is ROS Good for Robotics?[ROS Topics]},
  author={Cousins, Steve},
  journal={IEEE Robotics \& Automation Magazine},
  volume={19},
  number={2},
  pages={13--14},
  year={2012},
  publisher={IEEE}
}

@article{middleware,
  title={Robotics middleware: A comprehensive literature survey and attribute-based bibliography},
  author={Elkady, Ayssam and Sobh, Tarek},
  journal={Journal of Robotics},
  volume={2012},
  year={2012},
  publisher={Hindawi}
}
@misc{goal-directed-decision-making,
  title={The principles of goal-directed decision-making: from neural mechanisms to computation and robotics},
  author={Pezzulo, Giovanni and Verschure, Paul FMJ and Balkenius, Christian and Pennartz, Cyriel MA},
  year={2014},
  publisher={The Royal Society}
}
@phdthesis{attractors,
  title={Attractors in recurrent behavior networks},
  author={Goetz, Philip S},
  year={1997},
  school={Citeseer}
}
@article{maes2,
  title={The dynamics of action selection},
  author={Maes, Pattie},
  year={1989},
  publisher={Artificial Intelligence Laboratory, Vrije Universiteit Brussel Brussels}
}

@inproceedings{dorer-robocup99,
  title={Extended behavior networks for the magmafreiburg team},
  author={Dorer, Klaus},
  booktitle={RobocCup-99 Team Descriptions. Simulation League},
  number={004},
  pages={79--83},
  year={1999},
  organization={Link{\"o}ping University Electronic Press}
}
@inproceedings{sbc++,
  title={sBC++ simulator Team},
  author={Abbaspour, Amin and Rahmani, Mahmood and Radjabalipour, Bahman and Nazemi, Eslam},
  booktitle={Robot Soccer World Cup},
  pages={397--400},
  year={2000},
  organization={Springer}
}
